% Encoding: windows-1252

@Misc{BDStats,
  author = {Statista Inc.},
  title  = {Statistics and facts about Big Data},
  month  = feb,
  year   = {2017},
  url    = {https://www.statista.com/topics/1464/big-data/},
}

@Misc{phoneGrowth,
  author = {Gartner},
  title  = {Global smartphone sales},
  month  = {02},
  year   = {2017},
  url    = {http://tinyurl.com/h77kptz},
}

@Misc{grandChallenge,
  author = {Association for Computing Machinery},
  title  = {DEBS 2015 Grand Challenge},
  month  = may,
  year   = {2017},
  url    = {http://www.debs2015.org/call-grand-challenge.html},
}

@Misc{spark,
  author = {Apache Foundation},
  title  = {P{\'{a}}gina web de Apache Spark},
  month  = may,
  year   = {2017},
  url    = {https://spark.apache.org/},
}

@Misc{hadoop,
  author = {Apache Foundation},
  title  = {P{\'{a}}gina web de Apache Hadoop},
  month  = may,
  year   = {2017},
  url    = {https://hadoop.apache.org/},
}

@Misc{parquet,
  author = {Apache Foundation},
  title  = {P{\'{a}}gina web de Apache Parquet},
  month  = may,
  year   = {2017},
  url    = {https://parquet.apache.org/},
}

@Misc{aepd,
  title = {Portal web de la Agencia Espa{\~{n}}ola de Protecci{\'{o}}n de Datos},
  month = may,
  year  = {2017},
  url   = {https://www.agpd.es/},
}

@Misc{leyPrivacidad,
  title = {Ley Org{\'{a}}nica 15/1999, de 13 de diciembre, de Protecci{\'{o}}n de Datos de Car{\'{a}}cter Personal},
  month = dec,
  year  = {1999},
  url   = {https://boe.es/boe/dias/1999/12/14/pdfs/A43088-43099.pdf},
}

@Misc{derechosCiu,
  title = {Agencia Espa{\~{n}}ola de Protecci{\'{o}}n de Datos. Principales derechos},
  month = may,
  year  = {2017},
  url   = {http://tinyurl.com/y9d3snor},
}

@Misc{lawEU,
  title = {Reglamento (UE) 2016/679 del Parlamento Europeo y del Consejo de 27 de abril de 2016},
  month = may,
  year  = {2016},
  url   = {http://tinyurl.com/y7mxsdoy},
}

@Misc{rulesEU,
  author = {Mark Scott, New York Times},
  title  = {Europe Approves Tough New Data Protection Rules},
  month  = dec,
  year   = {2015},
  url    = {www.nytimes.com/2015/12/16/technology/eu-data-privacy.html},
}

@Misc{taxiRequest,
  title = {NYC taxi 2013 trips and fares},
  month = feb,
  year  = {2017},
  url   = {http://chriswhong.com/open-data/foil_nyc_taxi/},
}

@Misc{opendata,
  author = {Open Knowledge International},
  title  = {Definici{\'{o}}n de Open Data},
  month  = may,
  year   = {2017},
  url    = {http://opendatahandbook.org/guide/es/what-is-open-data/},
}

@Misc{wdc,
  author = {Wikipedia},
  title  = {P{\'{a}}gina en Wikipedia dell World Data Center},
  month  = may,
  year   = {2017},
  url    = {https://en.wikipedia.org/wiki/World_Data_Center},
}

@Misc{onudata,
  title = {Portal de datos de la ONU},
  month = may,
  year  = {2017},
  url   = {http://data.un.org/},
}

@Misc{datosMadrid,
  title = {Portal de datos abiertos de la ciudad de Madrid},
  month = may,
  year  = {2017},
  url   = {http://datos.madrid.es},
}

@Misc{graphdata,
  title = {Gr{\'{a}}fica sobre datos abiertos},
  month = may,
  year  = {2017},
  url   = {http://tinyurl.com/y72r44b8},
}

@TechReport{revenueOpenData,
  author      = {James Manyika and Michael Chui is a principal and Diana Farrell and Steve Van Kuiken and Peter Groves and Elizabeth Almasi Doshi},
  title       = {Open data: Unlocking innovation and performance with liquid information},
  institution = {McKinsey Global Institute},
  year        = {2013},
  month       = oct,
  url         = {http://tinyurl.com/hrszsmf},
}

@Misc{valueOpenData,
  author = {Open Data Institute},
  title  = {The value of open data},
  month  = may,
  year   = {2017},
  url    = {https://theodi.org/the-value-of-open-data},
}

@Misc{originbd,
  author = {Steve Lohr},
  title  = {The Origins of "Big Data": An Etymological Detective Story},
  month  = jan,
  year   = {2013},
  url    = {http://tinyurl.com/y93dwh3z},
}

@Article{eficiencia,
  author  = {Pablo Basanta-Val and Neil C. Audsley and Andy J. Wellings and Ian Gray and Norberto Fernández-García},
  title   = {Architecting Time-Critical Big-Data Systems},
  journal = {IEEE Transactions on Big Data},
  year    = {2016},
  volume  = {2},
  number  = {4},
  pages   = {310 - 324},
  month   = oct,
  issn    = {2332-7790},
  url     = {http://ieeexplore.ieee.org/document/7726017/},
}

@Misc{clusterFoto,
  author = {Anton Kirillov},
  title  = {Imagen obtenida de Apache Spark: core concepts, architecture and internals},
  month  = may,
  year   = {2017},
  url    = {http://tinyurl.com/ya3zuyr6},
}

@Misc{ubuntu,
  title = {Enlace a la descarga de Ubuntu},
  month = nov,
  year  = {2016},
  url   = {https://www.ubuntu.com/download/desktop},
}

@Misc{debian,
  title = {P{\'{a}}gina web de Debian},
  month = may,
  year  = {2017},
  url   = {https://www.debian.org/},
}

@Misc{descargaSpark,
  author = {Apache Foundation},
  title  = {P{\'{a}}gina de descarga de Apache Spark},
  month  = jan,
  year   = {2017},
  url    = {https://spark.apache.org/downloads.html},
}

@Misc{scala,
  title = {P{\'{a}}gina web del lenguaje Scala},
  month = may,
  year  = {2017},
  url   = {http://www.scala-lang.org/},
}

@Misc{py4j,
  title = {P{\'{a}}gina web de Py4j},
  month = may,
  year  = {2017},
  url   = {https://www.py4j.org/},
}

@Misc{descHadoop,
  author = {Apache Foundation},
  title  = {P{\'{a}}gina de descarga de Apache Hadoop},
  month  = may,
  year   = {2017},
  url    = {https://hadoop.apache.org/releases.html},
}

@Misc{submitSpark,
  author = {Apache Foundation},
  title  = {Apache Spark: Submitting Applications},
  month  = may,
  year   = {2017},
  url    = {https://spark.apache.org/docs/latest/submitting-applications.html},
}

@Misc{taxiTrips,
  author = {NYC Taxi \& Limousine Commission},
  title  = {TLC Trip Record Data},
  month  = jun,
  year   = {2017},
  url    = {http://www.nyc.gov/html/tlc/html/about/trip_record_data.shtml},
}

@Misc{depreciacion,
  author = {Agencia Tributaria Espa{\~{n}}ola},
  title  = {Tabla de coeficientes de amortizaci{\'{o}}n lineal},
  month  = jun,
  year   = {2017},
  url    = {http://tinyurl.com/zprp38d},
}

@Standard{estandar,
  title        = {Big data - Cloud computing based requirements and capabilities. ITU-T Y.3600 (11/2015)},
  organization = {International Telecommunication Union},
  institution  = {United Nations},
  month        = {11},
  year         = {2015},
  url          = {http://www.itu.int/itu-t/recommendations/rec.aspx?rec=12584},
}

@TechReport{impacto1,
  author      = {Facundo Malvicino and Gabriel Yoguel},
  title       = {Big data: Avances recientes a nivel internacional y perspectivas para el desarrollo local},
  institution = {Centro Interdisciplinario de Estudios en Ciencia, Tecnolog{\'{i}}a e Innovaci{\'{o}}n},
  year        = {2016},
  url         = {http://tinyurl.com/h2osx8s},
}

@Misc{openstreetcab,
  title = {P{\'{a}}gina web de OpenStreetCab},
  month = jun,
  year  = {2017},
  url   = {https://www.openstreetcab.com/},
}

@Misc{aeropuerto,
  author = {Chris Whong},
  title  = {Should I Stay or Should I Go? NYC Taxis at the Airport},
  month  = jun,
  year   = {2017},
  url    = {http://tinyurl.com/ybncbck6},
}

@Misc{uber,
  author = {Bernard Marr},
  title  = {The Amazing Ways Uber Is Using Big Data Analytics},
  month  = jun,
  year   = {2017},
  url    = {http://tinyurl.com/ya4ns58h},
}

@MastersThesis{ayuso,
  author = {Juan Antonio Ayuso Rodr{\'{i}}guez},
  title  = {Proyecto Fin de Carrera: Landscape del Big Data},
  school = {Universidad Carlos III de Madrid},
  year   = {2015},
}

@Misc{4v,
  author = {IBM},
  title  = {The Four V's of Big Data},
  month  = jun,
  year   = {2017},
  url    = {http://www.ibmbigdatahub.com/infographic/four-vs-big-data},
}

@MastersThesis{monse,
  author = {Montserrat Murillo Gonz{\'{a}}lez},
  title  = {Sistema big data para el an{\'{a}}lisis de rutas de taxis en NYC},
  school = {Universidad Carlos III de Madrid},
  year   = {2016},
}

@MastersThesis{soriano,
  author = {Francisco Par{\'{i}}s Soriano},
  title  = {An{\'{a}}lisis de la contrataci{\'{o}}n en la administraci{\'{o}}n estadounidense para la predicci{\'{o}}n de futuras licitaciones},
  school = {Universidad Carlos III de Madrid},
  year   = {2016},
}

@Misc{fotoV,
  title = {Imagen de la evoluci{\'{o}}n de las v's del big data},
  month = jun,
  year  = {2017},
  url   = {http://www.elderresearch.com/company/blog/42-v-of-big-data},
}

@Misc{tipoAnalisis,
  title = {Four Types of Big Data Analytics and Examples of Their Use},
  month = jun,
  year  = {2017},
  url   = {http://tinyurl.com/ya7vzd79},
}

@Misc{landscape,
  author = {Matt Turck},
  title  = {Firing on All Cylinders: The 2017 Big Data Landscape},
  month  = jun,
  year   = {2017},
  url    = {http://mattturck.com/bigdata2017/},
}

@Misc{cassandra,
  author = {Apache Foundation},
  title  = {P{\'{a}}gina web de Apache Cassandra},
  month  = jun,
  year   = {2017},
  url    = {https://cassandra.apache.org/},
}

@Misc{mongo,
  title = {P{\'{a}}gina web de MongoDB},
  month = jun,
  year  = {2017},
  url   = {https://www.mongodb.com/},
}

@Misc{scipy,
  title = {P{\'{a}}gina web de SciPy},
  month = jun,
  year  = {2017},
  url   = {https://www.scipy.org/},
}

@Misc{horton,
  title = {P{\'{a}}gina web de Hortonworks},
  month = jun,
  year  = {2017},
  url   = {https://es.hortonworks.com/},
}

@Misc{databricks,
  title = {P{\'{a}}gina web de Databricks},
  month = jun,
  year  = {2017},
  url   = {https://databricks.com/},
}

@Misc{cloudera,
  title = {P{\'{a}}gina web de Cloudera},
  month = jun,
  year  = {2017},
  url   = {https://www.cloudera.com/},
}

@Misc{forecast,
  author = {Louis Columbus},
  title  = {Roundup Of Analytics, Big Data \& BI Forecasts And Market Estimates, 2016},
  month  = jun,
  year   = {2017},
  url    = {http://tinyurl.com/ycag4feo},
}

@Misc{computacionDistribuidad,
  author = {University of California, Berkeley},
  title  = {Chapter 4: Distributed and Parallel Computing},
  month  = jun,
  year   = {2017},
  url    = {http://wla.berkeley.edu/~cs61a/fa11/lectures/communication.html},
}

@Misc{fotodistribuida,
  title = {Imagen de un sistema distribuido},
  month = jun,
  year  = {2017},
  url   = {http://tinyurl.com/ycn4zbwr},
}

@Misc{sistDistTeoria,
  author = {Juan Pablo Bustos Thames},
  title  = {Arquitectura de sistemas distribuidos},
  month  = jun,
  year   = {2017},
  url    = {http://tinyurl.com/y7ez4vlw},
}

@Misc{peertopeer,
  title = {Imagen peer-to-peer},
  month = jun,
  year  = {2017},
  url   = {https://askleo.com/what_is_peer_to_peer_file_sharing/},
}

@Misc{cluster,
  author = {Wikipedia},
  title  = {Definici{\'{o}}n de cl{\'{u}}ster},
  month  = jun,
  year   = {2017},
  url    = {https://es.wikipedia.org/wiki/Cl%C3%BAster_(inform%C3%A1tica)},
}

@Misc{clusterfoto,
  title = {Imagen de cl{\'{u}}ster},
  month = jun,
  year  = {2017},
  url   = {http://tinyurl.com/ybrhzawc},
}

@Misc{amplab,
  title = {P{\'{a}}gina web del AMPLab de la Universidad de Berkeley},
  month = jun,
  year  = {2017},
  url   = {https://amplab.cs.berkeley.edu/},
}

@Misc{aws,
  title = {P{\'{a}}gina de Amazon Simple Storage Service},
  month = jun,
  year  = {2017},
  url   = {https://aws.amazon.com/s3/},
}

@Misc{partsSpark,
  title = {RDDs are the new bytecode of Apache Spark},
  month = jun,
  year  = {2017},
  url   = {http://tinyurl.com/oq89fby},
}

@Misc{sparkbook,
  title = {Mastering Apache Spark 2},
  month = jun,
  year  = {2017},
  url   = {http://tinyurl.com/zw4djj2},
}

@Misc{compSpark,
  author = {Saggi Neumann},
  title  = {Spark vs. Hadoop MapReduce},
  month  = jun,
  year   = {2017},
  url    = {http://tinyurl.com/lobmnj7},
}

@Misc{storm,
  author = {Apache Foundation},
  title  = {P{\'{a}}gina web de Apache Storm},
  month  = jun,
  year   = {2017},
  url    = {https://storm.apache.org/},
}

@Misc{flink,
  author = {Apache Foundation},
  title  = {P{\'{a}}gina web de Apache Flink},
  month  = jun,
  year   = {2017},
  url    = {https://flink.apache.org/},
}

@Misc{column,
  title = {Column and Row Based Database Storage},
  month = jun,
  year  = {2017},
  url   = {http://tinyurl.com/y8jjguw3},
}

@Misc{parquetSpace,
  title = {Parquet Strata/Hadoop World, New York 2013},
  month = jun,
  year  = {2017},
  url   = {http://tinyurl.com/ybxrumjz},
}

@Misc{snappyLib,
  title = {Snappy: A fast compressor/decompressor},
  month = jun,
  year  = {2017},
  url   = {http://google.github.io/snappy/},
}

@Comment{jabref-meta: databaseType:bibtex;}
